<record><leader>00000cas a22000007a 4500</leader><controlfield tag="001">19581278</controlfield><controlfield tag="008">890421d19591968njuwr ne      0    0eng d</controlfield><datafield ind1=" " ind2=" " tag="010"><subfield code="a">sn 88071163 </subfield></datafield><datafield ind1=" " ind2=" " tag="040"><subfield code="a">NJW</subfield><subfield code="b">eng</subfield><subfield code="c">NJW</subfield><subfield code="d">OCLCQ</subfield></datafield><datafield ind1=" " ind2=" " tag="042"><subfield code="a">msc</subfield></datafield><datafield ind1="0" ind2="0" tag="245"><subfield code="a">News-record of Maplewood and South Orange, New Jersey.</subfield></datafield><datafield ind1=" " ind2=" " tag="260"><subfield code="a">Maplewood, N.J. :</subfield><subfield code="b">Hewlett Pub. Co.,</subfield><subfield code="c">1959-1968.</subfield></datafield><datafield ind1=" " ind2=" " tag="310"><subfield code="a">Weekly</subfield></datafield><datafield ind1="0" ind2=" " tag="362"><subfield code="a">Vol. 73, no. 36 (Sept. 3, 1959)-v. 82, no. 39 (Sept. 26, 1968).</subfield></datafield><datafield ind1=" " ind2=" " tag="752"><subfield code="a">United States</subfield><subfield code="b">New Jersey</subfield><subfield code="c">Essex</subfield><subfield code="d">Maplewood.</subfield></datafield><datafield ind1=" " ind2=" " tag="752"><subfield code="a">United States</subfield><subfield code="b">New Jersey</subfield><subfield code="c">Essex</subfield><subfield code="d">South Orange.</subfield></datafield><datafield ind1="0" ind2="0" tag="780"><subfield code="t">Maplewood-South Orange news-record</subfield><subfield code="w">(DLC)sn 88071162</subfield></datafield><datafield ind1="0" ind2="0" tag="785"><subfield code="t">News-record of Maplewood and South Orange</subfield><subfield code="w">(DLC)sn 88071164</subfield></datafield></record>